@article{ardovini2008identifying,
  title={Identifying elephant photos by multi-curve matching},
  author={Ardovini, Alessandro and Cinque, Luigi and Sangineto, Enver},
  journal={Pattern Recognition},
  volume={41},
  number={6},
  pages={1867--1877},
  year={2008},
  publisher={Elsevier}
}

@article{ardovini2007semiautomatic,
  title={A semi-auomatic approach to photo identification of wild elephants},
  author={Ardovini, Alessandro and Cinque, Luigi and Della Rocca, Francesca and Sangineto, Enver},
  journal={Lecture Notes in Computer Science},
  volume={4477},
  pages={225--232},
  year={2007},
  publisher={Springer Verlag}
}


@article{arzoumanian2005astronomical,
  title={An astronomical pattern-matching algorithm for computer-aided identification of whale sharks \emph{{R}hincodon typus}},
  author={Arzoumanian, Z and Holmberg, J and Norman, B},
  journal={Journal of Applied Ecology},
  volume={42},
  number={6},
  pages={999--1011},
  year={2005},
  publisher={Wiley Online Library}
}

@article{balfoort1992automatic,
  title={Automatic identification of algae: neural network analysis of flow cytometric data},
  author={Balfoort, HW and Snoek, J and Smiths, JRM and Breedveld, LW and Hofstraat, JW and Ringelberg, J},
  journal={Journal of Plankton Research},
  volume={14},
  number={4},
  pages={575--589},
  year={1992},
  publisher={Oxford University Press}
}

@article{bolger2012computer,
  title={A computer-assisted system for photographic mark--recapture analysis},
  author={Bolger, Douglas T and Morrison, Thomas A and Vance, Bennet and Lee, Derek and Farid, Hany},
  journal={Methods in Ecology and Evolution},
  volume={3},
  number={5},
  pages={813--822},
  year={2012},
  publisher={Wiley Online Library}
}

@inproceedings{bromley1994signature,
  title={Signature verification using a "siamese" time delay neural network},
  author={Bromley, Jane and Guyon, Isabelle and LeCun, Yann and S{\"a}ckinger, Eduard and Shah, Roopak},
  booktitle={Advances in Neural Information Processing Systems},
  pages={737--744},
  year={1994}
}

@inproceedings{burghardt2007fully,
  title={A fully automated computer vision system for the biometric identification of {A}frican penguins \emph{{S}pheniscus demersus} on {R}obben {I}sland},
  author={Burghardt, T and Barham, PJ and Campbell, N and Cuthill, IC and Sherley, RB and Leshoro, TM},
  booktitle={Abstracts of Oral and Poster Presentations, 6th International Penguin Conference. Birds Tasmania, Hobart},
  year={2007}
}

@inproceedings{brust2017towards,
  title={Towards Automated Visual Monitoring of Individual Gorillas in the Wild},
  author={Brust, Clemens-Alexander and Burghardt, Tilo and Groenenberg, Milou and K{\"a}ding, Christoph and K{\"u}hl, Hjalmar S and Manguette, Marie L and Denzler, Joachim},
  booktitle={Proceedings of the IEEE Conference on Computer Vision and Pattern Recognition},
  pages={2820--2830},
  year={2017}
}

@article{burton2015wildlife,
  title={Wildlife camera trapping: a review and recommendations for linking surveys to ecological processes},
  author={Burton, A Cole and Neilson, Eric and Moreira, Dario and Ladle, Andrew and Steenweg, Robin and Fisher, Jason T and Bayne, Erin and Boutin, Stan},
  journal={Journal of Applied Ecology},
  volume={52},
  number={3},
  pages={675--685},
  year={2015},
  publisher={Wiley Online Library}
}

@article{carter2014automated,
  title={Automated marine turtle photograph identification using artificial neural networks, with application to green turtles},
  author={Carter, Steven JB and Bell, Ian P and Miller, Jessica J and Gash, Peter P},
  journal={Journal of experimental marine biology and ecology},
  volume={452},
  pages={105--110},
  year={2014},
  publisher={Elsevier}
}

@article{carthew1991monitoring,
  title={Monitoring animal activity with automated photography},
  author={Carthew, Susan M and Slater, Ederic},
  journal={The Journal of Wildlife Management},
  pages={689--692},
  year={1991},
  publisher={JSTOR}
}

@incollection{caruana1998multitask,
  title={Multitask learning},
  author={Caruana, Rich},
  booktitle={Learning to learn},
  pages={95--133},
  year={1998},
  publisher={Springer}
}

@article{chao1989estimating,
  title={Estimating population size for sparse data in capture-recapture experiments},
  author={Chao, Anne},
  journal={Biometrics},
  pages={427--438},
  year={1989},
  publisher={JSTOR}
}

@inproceedings{chen2014deep,
  title={Deep convolutional neural network based species recognition for wild animal monitoring},
  author={Chen, Guobin and Han, Tony X and He, Zhihai and Kays, Roland and Forrester, Tavis},
  booktitle={Image Processing (ICIP), 2014 IEEE International Conference on},
  pages={858--862},
  year={2014},
  organization={IEEE}
}

@article{danielson1996inexpensive,
  title={An Inexpensive Compact Automatic Camera System for Wildlife Research (Un Sistema de C{\'a}maras de Bajo Costo Para Estudiar la Vida Silvestre)},
  author={Danielson, William R and Degraaf, Richard M and Fuller, Todd K},
  journal={Journal of Field Ornithology},
  pages={414--421},
  year={1996},
  publisher={JSTOR}
}

@article{deb2018face,
  title={Face Recognition: Primates in the Wild},
  author={Deb, Debayan and Wiper, Susan and Russo, Alexandra and Gong, Sixue and Shi, Yichun and Tymoszek, Cori and Jain, Anil},
  journal={arXiv preprint arXiv:1804.08790},
  year={2018}
}

@article{dodge1960automatic,
  title={An automatic camera device for recording wildlife activity},
  author={Dodge, Wendell E and Snyder, Dana P},
  journal={The Journal of Wildlife Management},
  volume={24},
  number={3},
  pages={340--342},
  year={1960},
  publisher={JSTOR}
}

@article{dufault1995assessment,
  title={An assessment of changes with time in the marking patterns used for photoidentification of individual sperm whales, \emph{{P}hyseter macrocephalus}},
  author={Dufault, Susan and Whitehead, HAL},
  journal={Marine Mammal Science},
  volume={11},
  number={3},
  pages={335--343},
  year={1995},
  publisher={Wiley Online Library}
}

@article{foster2012critique,
  title={A critique of density estimation from camera-trap data},
  author={Foster, Rebecca J and Harmsen, Bart J},
  journal={The Journal of Wildlife Management},
  volume={76},
  number={2},
  pages={224--236},
  year={2012},
  publisher={Wiley Online Library}
}

@inproceedings{freytag2016chimpanzee,
  title={Chimpanzee faces in the wild: Log-euclidean cnns for predicting identities and attributes of primates},
  author={Freytag, Alexander and Rodner, Erik and Simon, Marcel and Loos, Alexander and K{\"u}hl, Hjalmar S and Denzler, Joachim},
  booktitle={German Conference on Pattern Recognition},
  pages={51--63},
  year={2016},
  organization={Springer}
}

@article{fukushima1979neural,
  title={Neural Network Model for a Mechanism of Pattern Recognition Unaffected by Shift in Position- Neocognitron},
  author={Fukushima, Kunihiko},
  journal={Electron. \& Commun. Japan},
  volume={62},
  number={10},
  pages={11--18},
  year={1979}
}

@inproceedings{girshick2015fast,
  title={Fast {R-CNN}},
  author={Girshick, Ross},
  booktitle={Proceedings of the IEEE international conference on computer vision},
  pages={1440--1448},
  year={2015}
}

@inproceedings{glorot2010understanding,
  title={Understanding the difficulty of training deep feedforward neural networks},
  author={Glorot, Xavier and Bengio, Yoshua},
  booktitle={Proceedings of the thirteenth international conference on artificial intelligence and statistics},
  pages={249--256},
  year={2010}
}

@inproceedings{gomez2016animal,
  title={Animal identification in low quality camera-trap images using very deep convolutional neural networks and confidence thresholds},
  author={Gomez, Alexander and Diez, German and Salazar, Augusto and Diaz, Angelica},
  booktitle={International Symposium on Visual Computing},
  pages={747--756},
  year={2016},
  organization={Springer}
}

@article{gomez2016towards,
  title={Towards automatic wild animal monitoring: identification of animal species in camera-trap images using very deep convolutional neural networks},
  author={Gomez, Alexander and Salazar, Augusto and Vargas, Francisco},
  journal={arXiv preprint arXiv:1603.06169},
  year={2016}
}

@book{goodfellow2016deep,
  title={Deep learning},
  author={Goodfellow, Ian and Bengio, Yoshua and Courville, Aaron},
  year={2016},
  publisher={MIT press}
}

@article{groth1986pattern,
  title={A pattern-matching algorithm for two-dimensional coordinate lists},
  author={Groth, Edward J},
  journal={The astronomical journal},
  volume={91},
  pages={1244--1248},
  year={1986}
}

@book{guggisberg1977early,
  title={Early wildlife photographers},
  author={Guggisberg, Charles Albert Walter},
  year={1977},
  publisher={Taplinger Publishing Company}
}

@article{gysel1956simple,
  title={A simple automatic photographic unit for wildlife research},
  author={Gysel, Leslie W and Davis, Earle M},
  journal={The Journal of Wildlife Management},
  volume={20},
  number={4},
  pages={451--453},
  year={1956},
  publisher={JSTOR}
}

@article{hawley1982ecology,
  title={Ecology.},
  author={Hawley, Amos Henry},
  year={1982},
  publisher={New York Free Press 1982.}
}

@inproceedings{he2015delving,
  title={Delving deep into rectifiers: Surpassing human-level performance on imagenet classification},
  author={He, Kaiming and Zhang, Xiangyu and Ren, Shaoqing and Sun, Jian},
  booktitle={Proceedings of the IEEE international conference on computer vision},
  pages={1026--1034},
  year={2015}
}

@inproceedings{he2016deep,
  title={Deep residual learning for image recognition},
  author={He, Kaiming and Zhang, Xiangyu and Ren, Shaoqing and Sun, Jian},
  booktitle={Proceedings of the IEEE conference on computer vision and pattern recognition},
  pages={770--778},
  year={2016}
}

@article{hearst1998support,
  title={Support vector machines},
  author={Hearst, Marti A. and Dumais, Susan T and Osuna, Edgar and Platt, John and Scholkopf, Bernhard},
  journal={IEEE Intelligent Systems and their applications},
  volume={13},
  number={4},
  pages={18--28},
  year={1998},
  publisher={IEEE}
}

@book{hebb2005organization,
  title={The organization of behavior: A neuropsychological theory},
  author={Hebb, Donald Olding},
  year={2005},
  publisher={Psychology Press}
}

@book{henschel2003leopards,
  title={Leopards in {A}frican rainforests: survey and monitoring techniques},
  author={Henschel, Philipp and Ray, Justina},
  year={2003},
  publisher={Wildlife Conservation Society}
}

@inproceedings{hiby1987census,
  title={Census techniques for small populations, with special reference to the {M}editerranean monk seal},
  author={Hiby, AR and Jeffery, JS},
  booktitle={Symposium of the Zoological Society of London},
  volume={58},
  pages={193--210},
  year={1987}
}

@article{hiby1990computer,
  title={Computer aided matching of natural markings: a prototype system for grey seals},
  author={Hiby, Lex and Lovell, Phil},
  journal={Report of the International Whaling Commission},
  volume={12},
  pages={57--61},
  year={1990}
}

@article{hiby2009tiger,
  title={A tiger cannot change its stripes: using a three-dimensional model to match images of living tigers and tiger skins},
  author={Hiby, Lex and Lovell, Phil and Patil, Narendra and Kumar, N Samba and Gopalaswamy, Arjun M and Karanth, K Ullas},
  journal={Biology letters},
  pages={rsbl--2009},
  year={2009},
  publisher={The Royal Society}
}

@article{hillman2003computer,
  title={Computer-assisted photo-identification of individual marine vertebrates: a multi-species system},
  author={Hillman, GR and Wursig, B and Gailey, GA and Kehtarnavaz, N and Drobyshevsky, A and Araabi, BN and Tagare, HD and Weller, DW},
  journal={Aquatic Mammals},
  volume={29},
  number={1},
  pages={117--123},
  year={2003},
  publisher={European Association for Aquatic Mammals}
}

@article{hinton2006fast,
  title={A fast learning algorithm for deep belief nets},
  author={Hinton, Geoffrey E and Osindero, Simon and Teh, Yee-Whye},
  journal={Neural computation},
  volume={18},
  number={7},
  pages={1527--1554},
  year={2006},
  publisher={MIT Press}
}

@article{hoerl1970ridge,
  title={Ridge regression: Biased estimation for nonorthogonal problems},
  author={Hoerl, Arthur E and Kennard, Robert W},
  journal={Technometrics},
  volume={12},
  number={1},
  pages={55--67},
  year={1970},
  publisher={Taylor \& Francis Group}
}

@article{holzinger2016interactive,
  title={Interactive machine learning for health informatics: when do we need the human-in-the-loop?},
  author={Holzinger, Andreas},
  journal={Brain Informatics},
  volume={3},
  number={2},
  pages={119--131},
  year={2016},
  publisher={Springer}
}

@article{hornik1991approximation,
  title={Approximation capabilities of multilayer feedforward networks},
  author={Hornik, Kurt},
  journal={Neural networks},
  volume={4},
  number={2},
  pages={251--257},
  year={1991},
  publisher={Elsevier}
}

@article{hughes2017automated,
  title={Automated visual fin identification of individual great white sharks},
  author={Hughes, Benjamin and Burghardt, Tilo},
  journal={International Journal of Computer Vision},
  volume={122},
  number={3},
  pages={542--557},
  year={2017},
  publisher={Springer}
}

@article{iandola2014densenet,
  title={Densenet: Implementing efficient convnet descriptor pyramids},
  author={Iandola, Forrest and Moskewicz, Matt and Karayev, Sergey and Girshick, Ross and Darrell, Trevor and Keutzer, Kurt},
  journal={arXiv preprint arXiv:1404.1869},
  year={2014}
}

@misc{imgaug,
  title = {imgaug},
  howpublished = {\url{https://imgaug.readthedocs.io/en/latest/index.html}},
  note = {Accessed: 2010-20-02}
}

@article{ioffe2015batch,
  title={Batch normalization: Accelerating deep network training by reducing internal covariate shift},
  author={Ioffe, Sergey and Szegedy, Christian},
  journal={arXiv preprint arXiv:1502.03167},
  year={2015}
}

@inproceedings{jaderberg2015spatial,
  title={Spatial transformer networks},
  author={Jaderberg, Max and Simonyan, Karen and Zisserman, Andrew and others},
  booktitle={Advances in Neural Information Processing Systems},
  pages={2017--2025},
  year={2015}
}

@article{jeffries1984automated,
  title={Automated sizing, counting and identification of zooplankton by pattern recognition},
  author={Jeffries, HP and Berman, MS and Poularikas, AD and Katsinis, C and Melas, I and Sherman, K and Bivins, L},
  journal={Marine biology},
  volume={78},
  number={3},
  pages={329--334},
  year={1984},
  publisher={Springer}
}

@misc{kagglehumpbackreid,
  title = {Humpback Whale Identification Challenge},
  howpublished = {\url{https://www.kaggle.com/c/whale-categorization-playground}},
  note = {Accessed: 2018-05-15}
}

@misc{kaggleiWildCam2018,
  title = {i{W}ildCam 2018 Camera Trap Challenge},
  howpublished = {\url{https://www.kaggle.com/c/iwildcam2018}},
  note = {Accessed: 2018-07-11}
}

@article{karanth1995estimating,
  title={Estimating tiger \textit{{P}anthera tigris} populations from camera-trap data using capture—recapture models},
  author={Karanth, K Ullas},
  journal={Biological conservation},
  volume={71},
  number={3},
  pages={333--338},
  year={1995},
  publisher={Elsevier}
}

@article{karanth1998estimation,
  title={Estimation of tiger densities in {I}ndia using photographic captures and recaptures},
  author={Karanth, K Ullas and Nichols, James D},
  journal={Ecology},
  volume={79},
  number={8},
  pages={2852--2862},
  year={1998},
  publisher={Wiley Online Library}
}

@inproceedings{karanth2004estimation,
  title={Estimation of tiger densities in the tropical dry forests of {P}anna, {C}entral {I}ndia, using photographic capture--recapture sampling},
  author={Karanth, K Ullas and Chundawat, Raghunandan S and Nichols, James D and Kumar, N Samba},
  booktitle={Animal Conservation forum},
  volume={7},
  number={3},
  pages={285--290},
  year={2004},
  organization={Cambridge University Press}
}

@article{karanth2006assessing,
  title={Assessing tiger population dynamics using photographic capture recapture sampling},
  author={Karanth, K Ullas and Nichols, James D and Kumar, N and Hines, James E},
  journal={Ecology},
  volume={87},
  number={11},
  pages={2925--2937},
  year={2006},
  publisher={Wiley Online Library}
}

@article{kawanishi2004conservation,
  title={Conservation status of tigers in a primary rainforest of {P}eninsular {M}alaysia},
  author={Kawanishi, Kae and Sunquist, Melvin E},
  journal={Biological Conservation},
  volume={120},
  number={3},
  pages={329--344},
  year={2004},
  publisher={Elsevier}
}

@article{kelly2001computer,
  title={Computer-aided photograph matching in studies using individual identification: an example from {S}erengeti cheetahs},
  author={Kelly, Marcella J},
  journal={Journal of Mammalogy},
  volume={82},
  number={2},
  pages={440--449},
  year={2001},
  publisher={BioOne}
}

@article{kingma2014adam,
  title={Adam: A method for stochastic optimization},
  author={Kingma, Diederik and Ba, Jimmy},
  journal={arXiv preprint arXiv:1412.6980},
  year={2014}
}

@inproceedings{Koerschens18:Elephants,
  title = {Towards Automatic Identification of Elephants in the Wild},
  booktitle = {AI for Wildlife Conservation Workshop (AIWC)},
  author = {Matthias Körschens and Björn Barz and Joachim Denzler},
  year = {2018},
}

@misc{kotsiantis2007supervised,
  title={Supervised machine learning: A review of classification techniques},
  author={Kotsiantis, Sotiris B and Zaharakis, I and Pintelas, P},
  booktitle={Supervised Maching Learning: A Review of Classification Techniques},
  year={2007}
}

@techreport{krebs1989ecological,
  title={Ecological methodology},
  author={Krebs, Charles J and others},
  year={1989},
  institution={Harper \& Row New York}
}

@article{krebs1999ecological,
  title={Ecological methodologies},
  author={Krebs, CJ},
  journal={Krebs CJ Harper and Row, New York, NY.--1989.--654 p},
  year={1999}
}

@inproceedings{krizhevsky2012imagenet,
  title={Imagenet classification with deep convolutional neural networks},
  author={Krizhevsky, Alex and Sutskever, Ilya and Hinton, Geoffrey E},
  booktitle={Advances in neural information processing systems},
  pages={1097--1105},
  year={2012}
}

@incollection{kucera2011history,
  title={A history of camera trapping},
  author={Kucera, Thomas E and Barrett, Reginald H},
  booktitle={Camera traps in animal ecology},
  pages={9--26},
  year={2011},
  publisher={Springer}
}

@inproceedings{lahiri2011biometric,
  title={Biometric animal databases from field photographs: identification of individual zebra in the wild},
  author={Lahiri, Mayank and Tantipathananandh, Chayant and Warungu, Rosemary and Rubenstein, Daniel I and Berger-Wolf, Tanya Y},
  booktitle={Proceedings of the 1st ACM international conference on multimedia retrieval},
  pages={6},
  year={2011},
  organization={ACM}
}

@article{laurance1994photographic,
  title={Photographic identification of ground-nest predators in {A}ustralian tropical rainforest},
  author={Laurance, William F and Grant, John D},
  journal={Wildlife Research},
  volume={21},
  number={2},
  pages={241--247},
  year={1994},
  publisher={CSIRO}
}

@article{lecun2015deep,
  title={Deep learning},
  author={LeCun, Yann and Bengio, Yoshua and Hinton, Geoffrey},
  journal={Nature},
  volume={521},
  number={7553},
  pages={436--444},
  year={2015},
  publisher={Nature Research}
}

@article{leimgruber1994predation,
  title={Predation on artificial nests in large forest blocks},
  author={Leimgruber, Peter and McShea, William J and Rappole, John H},
  journal={The Journal of wildlife management},
  pages={254--260},
  year={1994},
  publisher={JSTOR}
}

@inproceedings{li2014deepreid,
  title={{DeepReID}: Deep filter pairing neural network for person re-identification},
  author={Li, Wei and Zhao, Rui and Xiao, Tong and Wang, Xiaogang},
  booktitle={Proceedings of the IEEE Conference on Computer Vision and Pattern Recognition},
  pages={152--159},
  year={2014}
}

@inproceedings{lin2014microsoft,
  title={Microsoft {COCO}: Common objects in context},
  author={Lin, Tsung-Yi and Maire, Michael and Belongie, Serge and Hays, James and Perona, Pietro and Ramanan, Deva and Doll{\'a}r, Piotr and Zitnick, C Lawrence},
  booktitle={European conference on computer vision},
  pages={740--755},
  year={2014},
  organization={Springer}
}

@article{lisanti2015person,
  title={Person re-identification by iterative re-weighted sparse ranking},
  author={Lisanti, Giuseppe and Masi, Iacopo and Bagdanov, Andrew D and Del Bimbo, Alberto},
  journal={IEEE transactions on pattern analysis and machine intelligence},
  volume={37},
  number={8},
  pages={1629--1642},
  year={2015},
  publisher={IEEE}
}

@inproceedings{liu2016ssd,
  title={Ssd: Single shot multibox detector},
  author={Liu, Wei and Anguelov, Dragomir and Erhan, Dumitru and Szegedy, Christian and Reed, Scott and Fu, Cheng-Yang and Berg, Alexander C},
  booktitle={European conference on computer vision},
  pages={21--37},
  year={2016},
  organization={Springer}
}

@article{loos2013automated,
  title={An automated chimpanzee identification system using face detection and recognition},
  author={Loos, Alexander and Ernst, Andreas},
  journal={EURASIP Journal on Image and Video Processing},
  volume={2013},
  number={1},
  pages={49},
  year={2013},
  publisher={Springer}
}

@article{lowe2004distinctive,
  title={Distinctive image features from scale-invariant keypoints},
  author={Lowe, David G},
  journal={International journal of computer vision},
  volume={60},
  number={2},
  pages={91--110},
  year={2004},
  publisher={Springer}
}

@article{mace1994estimating,
  title={Estimating grizzly bear population size using camera sightings},
  author={Mace, Richard D and Minta, Steven C and Manley, Timothy L and Aune, Keith E},
  journal={Wildlife Society Bulletin (1973-2006)},
  volume={22},
  number={1},
  pages={74--83},
  year={1994},
  publisher={JSTOR}
}

@article{maffei2005ocelot,
  title={Ocelot (\emph{{F}elis pardalis}) population densities, activity, and ranging behaviour in the dry forests of eastern Bolivia: data from camera trapping},
  author={Maffei, Leonardo and Noss, Andrew J and Cu{\'e}llar, Erika and Rumiz, Dami{\'a}n I},
  journal={Journal of Tropical Ecology},
  volume={21},
  number={3},
  pages={349--353},
  year={2005},
  publisher={Cambridge University Press}
}

@article{major1994inexpensive,
  title={An inexpensive photographic technique for identifying nest predators at active nests of birds.},
  author={Major, Richard E and Gowing, G},
  journal={Wildlife Research},
  volume={21},
  number={6},
  pages={657--665},
  year={1994},
  publisher={CSIRO}
}

@article{martinel2015re,
  title={Re-identification in the function space of feature warps},
  author={Martinel, Niki and Das, Abir and Micheloni, Christian and Roy-Chowdhury, Amit K},
  journal={IEEE transactions on pattern analysis and machine intelligence},
  volume={37},
  number={8},
  pages={1656--1669},
  year={2015},
  publisher={IEEE}
}

@article{mcculloch1943logical,
  title={A logical calculus of the ideas immanent in nervous activity},
  author={McCulloch, Warren S and Pitts, Walter},
  journal={The bulletin of mathematical biophysics},
  volume={5},
  number={4},
  pages={115--133},
  year={1943},
  publisher={Springer}
}

@article{meek2013reliability,
  title={On the reliability of expert identification of small-medium sized mammals from camera trap photos},
  author={Meek, Paul Douglas and Vernes, Karl and Falzon, Greg},
  journal={Wildlife Biology in Practice},
  volume={9},
  number={2},
  pages={1--19},
  year={2013},
  publisher={Portuguese Wildlife Society}
}

@book{minsky2017perceptrons,
  title={Perceptrons: An introduction to computational geometry},
  author={Minsky, Marvin and Papert, Seymour A and Bottou, L{\'e}on},
  year={2017},
  publisher={MIT press}
}

@article{mizroch1990computer,
  title={Computer assisted photo-identification of humpback whales},
  author={Mizroch, Sally A and Beard, Judith A and Lynde, Macgill},
  journal={Report of the International Whaling Commission},
  volume={12},
  pages={63--70},
  year={1990}
}

@article{mowat2000estimating,
  title={Estimating population size of grizzly bears using hair capture, {DNA} profiling, and mark-recapture analysis},
  author={Mowat, Garth and Strobeck, Curtis},
  journal={The Journal of wildlife management},
  pages={183--193},
  year={2000},
  publisher={JSTOR}
}

@inproceedings{ng2014data,
  title={A data-driven approach to cleaning large face datasets},
  author={Ng, Hong-Wei and Winkler, Stefan},
  booktitle={2014 IEEE International Conference on Image Processing (ICIP)},
  pages={343--347},
  year={2014},
  organization={IEEE}
}

@article{norouzzadehautomatically,
  title={Automatically identifying, counting, and describing wild animals in camera-trap images with deep learning},
  author={Norouzzadeh, Mohammed Sadegh and Nguyen, Anh and Kosmala, Margaret and Swanson, Ali and Palmer, Meredith and Packer, Craig and Clune, Jeff},
  journal={ArXiv:1703.05830v5},
  year={2017}
}

@inproceedings{nowozin2014optimal,
  title={Optimal decisions from probabilistic models: the intersection-over-union case},
  author={Nowozin, Sebastian},
  booktitle={Proceedings of the IEEE Conference on Computer Vision and Pattern Recognition},
  pages={548--555},
  year={2014}
}

@inproceedings{o2003crouching,
  title={Crouching tigers, hidden prey: {S}umatran tiger and prey populations in a tropical forest landscape},
  author={O'Brien, Timothy G and Kinnaird, Margaret F and Wibisono, Hariyo T},
  booktitle={Animal Conservation forum},
  volume={6},
  number={2},
  pages={131--139},
  year={2003},
  organization={Cambridge University Press}
}

@article{o1998identification,
  title={Identification of individual sperm whales by wavelet transform of the trailing edge of the flukes},
  author={O’Corry-Crowe, GM},
  journal={Marine Mammal Science},
  volume={14},
  number={1},
  pages={143--145},
  year={1998}
}

@book{o2010camera,
  title={Camera traps in animal ecology: methods and analyses},
  author={O'Connell, Allan F and Nichols, James D and Karanth, K Ullas},
  year={2010},
  publisher={Springer Science \& Business Media}
}

@inproceedings{oquab2015object,
  title={Is object localization for free?-weakly-supervised learning with convolutional neural networks},
  author={Oquab, Maxime and Bottou, L{\'e}on and Laptev, Ivan and Sivic, Josef},
  booktitle={Proceedings of the IEEE Conference on Computer Vision and Pattern Recognition},
  pages={685--694},
  year={2015}
}

@article{pan2010survey,
  title={A survey on transfer learning},
  author={Pan, Sinno Jialin and Yang, Qiang},
  journal={IEEE Transactions on knowledge and data engineering},
  volume={22},
  number={10},
  pages={1345--1359},
  year={2010},
  publisher={IEEE}
}

@article{pearson1959traffic,
  title={A traffic survey of \emph{{M}icrotus reithrodontomys} runways},
  author={Pearson, Oliver P},
  journal={Journal of Mammalogy},
  volume={40},
  number={2},
  pages={169--180},
  year={1959},
  publisher={JSTOR}
}

@inproceedings{ravela2004recognizing,
  title={On recognizing individual salamanders},
  author={Ravela, S and Gamble, L},
  booktitle={Proceedings of Asian Conference on Computer Vision, Ki-Sang Hong and Zhengyou Zhang, Ed. Jeju, Korea},
  pages={742--747},
  year={2004}
}

@inproceedings{redmon2016you,
  title={You only look once: Unified, real-time object detection},
  author={Redmon, Joseph and Divvala, Santosh and Girshick, Ross and Farhadi, Ali},
  booktitle={Proceedings of the IEEE Conference on Computer Vision and Pattern Recognition},
  pages={779--788},
  year={2016}
}

@article{ren2017faster,
  title={Faster {R-CNN}: Towards real-time object detection with region proposal networks},
  author={Ren, Shaoqing and He, Kaiming and Girshick, Ross and Sun, Jian},
  journal={IEEE transactions on pattern analysis and machine intelligence},
  volume={39},
  number={6},
  pages={1137--1149},
  year={2017},
  publisher={IEEE}
}

@article{robson1964sample,
  title={Sample size in {P}etersen mark--recapture experiments},
  author={Robson, DS and Regier, HA},
  journal={Transactions of the American Fisheries Society},
  volume={93},
  number={3},
  pages={215--226},
  year={1964},
  publisher={Taylor \& Francis}
}

@article{rodner2015fine,
  title={Fine-grained recognition datasets for biodiversity analysis},
  author={Rodner, Erik and Simon, Marcel and Brehm, Gunnar and Pietsch, Stephanie and W{\"a}gele, J     Wolfgang and Denzler, Joachim},
  journal={arXiv preprint arXiv:1507.00913},
  year={2015}
}

@article{rodner2016fine,
  title={Fine-grained recognition in the noisy wild: Sensitivity analysis of convolutional neural networks approaches},
  author={Rodner, Erik and Simon, Marcel and Fisher, Robert B and Denzler, Joachim},
  journal={arXiv preprint arXiv:1610.06756},
  year={2016}
}

@article{rowcliffe2008estimating,
  title={Estimating animal density using camera traps without the need for individual recognition},
  author={Rowcliffe, J Marcus and Field, Juliet and Turvey, Samuel T and Carbone, Chris},
  journal={Journal of Applied Ecology},
  volume={45},
  number={4},
  pages={1228--1236},
  year={2008},
  publisher={Wiley Online Library}
}

@article{rowcliffe2008surveys,
  title={Surveys using camera traps: are we looking to a brighter future?},
  author={Rowcliffe, J Marcus and Carbone, Chris},
  journal={Animal Conservation},
  volume={11},
  number={3},
  pages={185--186},
  year={2008},
  publisher={Wiley Online Library}
}

@article{rumelhart1986learning,
  title={Learning representations by back-propagating errors},
  author={Rumelhart, David E and Hinton, Geoffrey E and Williams, Ronald J},
  journal={nature},
  volume={323},
  number={6088},
  pages={533},
  year={1986},
  publisher={Nature Publishing Group}
}

@inproceedings{sabour2017dynamic,
  title={Dynamic routing between capsules},
  author={Sabour, Sara and Frosst, Nicholas and Hinton, Geoffrey E},
  booktitle={Advances in Neural Information Processing Systems},
  pages={3856--3866},
  year={2017}
}

@article{sangay2014wildife,
  title={Wildife camera trapping in the {H}imalayan kingdom of {B}hutan with recommendations for the future},
  author={Sangay, Tiger and Rajaratnam, Rajanathan and Vernes, Karl},
  journal={Camera Trapping for Animal Monitoring. CSIRO Publishing, Collingwood},
  pages={87--98},
  year={2014}
}

@article{scheel2017second,
  title={A second site occupied by Octopus tetricus at high densities, with notes on their ecology and behavior},
  author={Scheel, David and Chancellor, Stephanie and Hing, Martin and Lawrence, Matthew and Linquist, Stefan and Godfrey-Smith, Peter},
  journal={Marine and Freshwater Behaviour and Physiology},
  volume={50},
  number={4},
  pages={285--291},
  year={2017},
  publisher={Taylor \& Francis}
}

@article{schmidhuber2015deep,
  title={Deep learning in neural networks: An overview},
  author={Schmidhuber, J{\"u}rgen},
  journal={Neural networks},
  volume={61},
  pages={85--117},
  year={2015},
  publisher={Elsevier}
}

@article{schneider2018can,
  title={Can Drosophila melanogaster tell who’s who?},
  author={Schneider, Jonathan and Murali, Nihal and Taylor, Graham W and Levine, Joel D},
  journal={PloS one},
  volume={13},
  number={10},
  pages={e0205043},
  year={2018},
  publisher={Public Library of Science}
}

@article{schneider2018deep,
  title={Deep learning object detection methods for ecological camera trap data},
  author={Schneider, Stefan and Taylor, Graham and Kremer, Stefan},
  journal={Conference on Computer and Robot Vision},
  note={to appear}
}

@inproceedings{schroff2015facenet,
  title={Facenet: A unified embedding for face recognition and clustering},
  author={Schroff, Florian and Kalenichenko, Dmitry and Philbin, James},
  booktitle={Proceedings of the IEEE conference on computer vision and pattern recognition},
  pages={815--823},
  year={2015}
}

@article{seydack1984application,
  title={Application of a photo-recording device in the census of larger rain-forest mammals},
  author={Seydack, AH},
  journal={South African Journal of Wildlife Research-24-month delayed open access},
  volume={14},
  number={1},
  pages={10--14},
  year={1984},
  publisher={Southern African Wildlife Management Association (SAWMA)}
}

@article{sherley2010spotting,
  title={Spotting the difference: towards fully-automated population monitoring of African penguins Spheniscus demersus},
  author={Sherley, Richard B and Burghardt, Tilo and Barham, Peter J and Campbell, Neill and Cuthill, Innes C},
  journal={Endangered Species Research},
  volume={11},
  number={2},
  pages={101--111},
  year={2010}
}

@article{silveira2003camera,
  title={Camera trap, line transect census and track surveys: a comparative evaluation},
  author={Silveira, Leandro and Jacomo, Anah TA and Diniz-Filho, Jose Alexandre F},
  journal={Biological Conservation},
  volume={114},
  number={3},
  pages={351--355},
  year={2003},
  publisher={Elsevier}
}

@article{silver2004assessing,
  title={Assessing jaguar abundance using remotely triggered cameras},
  author={Silver, Scott},
  journal={Wildlife Conservation Society},
  pages={1--27},
  year={2004}
}

@article{silver2004use,
  title={The use of camera traps for estimating jaguar \emph{{P}anthera onca} abundance and density using capture/recapture analysis},
  author={Silver, Scott C and Ostro, Linde ET and Marsh, Laura K and Maffei, Leonardo and Noss, Andrew J and Kelly, Marcella J and Wallace, Robert B and G{\'o}mez, Humberto and Ayala, Guido},
  journal={Oryx},
  volume={38},
  number={2},
  pages={148--154},
  year={2004},
  publisher={Cambridge University Press}
}

@inproceedings{simpson2014zooniverse,
  title={Zooniverse: observing the world's largest citizen science platform},
  author={Simpson, Robert and Page, Kevin R and De Roure, David},
  booktitle={Proceedings of the 23rd international conference on world wide web},
  pages={1049--1054},
  year={2014},
  organization={ACM}
}

@article{simonyan2014very,
  title={Very deep convolutional networks for large-scale image recognition},
  author={Simonyan, Karen and Zisserman, Andrew},
  journal={arXiv preprint arXiv:1409.1556},
  year={2014}
}

@inproceedings{simpson1991classification,
  title={Classification of \emph{Euceratium gran.} in neural networks},
  author={Simpson, R and Culverhouse, P and Ellis, R and Williams, B},
  booktitle={Neural Networks for Ocean Engineering, 1991., IEEE Conference on},
  pages={223--229},
  year={1991},
  organization={IEEE}
}

@inproceedings{souri2015fast,
  title={Fast bird part localization for fine-grained categorization},
  author={Souri, Yaser and Kasaei, Shohreh},
  booktitle={Proc. 3rd Workshop Fine-Grained Vis. Categorization (FGVC3) CVPR},
  year={2015}
}

@book{southwood2009ecological,
  title={Ecological methods},
  author={Southwood, Thomas Richard Edmund and Henderson, Peter A},
  year={2009},
  publisher={John Wiley \& Sons}
}

@article{srbek2005camera,
  title={Is camera-trapping an efficient method for surveying mammals in {N}eotropical forests? A case study in south-eastern {B}razil},
  author={Srbek-Araujo, Ana Carolina and Chiarello, Adriano Garcia},
  journal={Journal of Tropical Ecology},
  volume={21},
  number={1},
  pages={121--125},
  year={2005},
  publisher={Cambridge University Press}
}

@article{srivastava2014dropout,
  title={Dropout: A simple way to prevent neural networks from overfitting},
  author={Srivastava, Nitish and Hinton, Geoffrey and Krizhevsky, Alex and Sutskever, Ilya and Salakhutdinov, Ruslan},
  journal={The Journal of Machine Learning Research},
  volume={15},
  number={1},
  pages={1929--1958},
  year={2014},
  publisher={JMLR. org}
}

@article{stojanovic2014discovery,
  title={Discovery of a novel predator reveals extreme but highly variable mortality for an endangered migratory bird},
  author={Stojanovic, Dejan and Webb, Matthew H and Alderman, Rachael and Porfirio, Luciana L and Heinsohn, Robert},
  journal={Diversity and Distributions},
  volume={20},
  number={10},
  pages={1200--1207},
  year={2014},
  publisher={Wiley Online Library}
}

@article{suykens1999least,
  title={Least squares support vector machine classifiers},
  author={Suykens, Johan AK and Vandewalle, Joos},
  journal={Neural processing letters},
  volume={9},
  number={3},
  pages={293--300},
  year={1999},
  publisher={Springer}
}

@article{swanson2015snapshot,
  title={Snapshot Serengeti, high-frequency annotated camera trap images of 40 mammalian species in an {A}frican savanna},
  author={Swanson, Alexandra and Kosmala, Margaret and Lintott, Chris and Simpson, Robert and Smith, Arfon and Packer, Craig},
  journal={Scientific data},
  volume={2},
  year={2015},
  publisher={Nature Publishing Group}
}

@inproceedings{szegedy2015going,
  title={Going deeper with convolutions},
  author={Szegedy, Christian and Liu, Wei and Jia, Yangqing and Sermanet, Pierre and Reed, Scott and Anguelov, Dragomir and Erhan, Dumitru and Vanhoucke, Vincent and Rabinovich, Andrew},
  booktitle={Proceedings of the IEEE conference on computer vision and pattern recognition},
  pages={1--9},
  year={2015}
}

@inproceedings{taigman2014deepface,
  title={Deepface: Closing the gap to human-level performance in face verification},
  author={Taigman, Yaniv and Yang, Ming and Ranzato, Marc'Aurelio and Wolf, Lior},
  booktitle={Proceedings of the IEEE conference on computer vision and pattern recognition},
  pages={1701--1708},
  year={2014}
}

@article{town2013manta,
  title={Manta {M}atcher: automated photographic identification of manta rays using keypoint features},
  author={Town, Christopher and Marshall, Andrea and Sethasathien, Nutthaporn},
  journal={Ecology and evolution},
  volume={3},
  number={7},
  pages={1902--1914},
  year={2013},
  publisher={Wiley Online Library}
}

@article{trolle2003mammal,
  title={Mammal survey in the southeastern {P}antanal, {B}razil},
  author={Trolle, Mogens},
  journal={Biodiversity \& Conservation},
  volume={12},
  number={4},
  pages={823--836},
  year={2003},
  publisher={Springer}
}

@article{trolle2005camera,
  title={Camera-trap study of ocelot and other secretive mammals in the northern {P}antanal},
  author={Trolle, Mogens and K{\'e}ry, Marc},
  journal={Mammalia mamm},
  volume={69},
  number={3-4},
  pages={409--416},
  year={2005},
  publisher={Walter de Gruyter}
}

@inproceedings{wegge2004effects,
  title={Effects of trapping effort and trap shyness on estimates of tiger abundance from camera trap studies},
  author={Wegge, Per and Pokheral, Chiranjibi Pd and Jnawali, Shant Raj},
  booktitle={Animal Conservation forum},
  volume={7},
  number={3},
  pages={251--256},
  year={2004},
  organization={Cambridge University Press}
}

@article{whitehead1990computer,
  title={Computer assisted individual identification of sperm whale flukes},
  author={Whitehead, Hal},
  journal={Reports of the International Whaling Commission},
  volume={12},
  pages={71--77},
  year={1990}
}

@article{whittaker1972evolution,
  title={Evolution and measurement of species diversity},
  author={Whittaker, Robert H},
  journal={Taxon},
  pages={213--251},
  year={1972},
  publisher={JSTOR}
}

@article{winkler1968automatic,
  title={An automatic movie camera for wildlife photography},
  author={Winkler, WG and Adams, DB},
  journal={The Journal of Wildlife Management},
  pages={949--952},
  year={1968},
  publisher={JSTOR}
}

@article{xiaoend,
  title={End-to-end deep learning for person search},
  author={Xiao, Tong and Li, Shuang and Wang, Bochao and Lin, Liang and Wang, Xiaogang},
  journal={arXiv preprint}
}

@inproceedings{yang1999re,
  title={A re-examination of text categorization methods},
  author={Yang, Yiming and Liu, Xin},
  booktitle={Proceedings of the 22nd annual international ACM SIGIR conference on Research and development in information retrieval},
  pages={42--49},
  year={1999},
  organization={ACM}
}

@article{yu2013automated,
  title={Automated identification of animal species in camera trap images},
  author={Yu, Xiaoyuan and Wang, Jiangping and Kays, Roland and Jansen, Patrick A and Wang, Tianjiang and Huang, Thomas},
  journal={EURASIP Journal on Image and Video Processing},
  volume={2013},
  number={1},
  pages={52},
  year={2013},
  publisher={Springer}
}

@inproceedings{zheng2015scalable,
  title={Scalable person re-identification: A benchmark},
  author={Zheng, Liang and Shen, Liyue and Tian, Lu and Wang, Shengjin and Wang, Jingdong and Tian, Qi},
  booktitle={Proceedings of the IEEE International Conference on Computer Vision},
  pages={1116--1124},
  year={2015}
}

@inproceedings{zheng2016mars,
  title={{MARS}: A video benchmark for large-scale person re-identification},
  author={Zheng, Liang and Bie, Zhi and Sun, Yifan and Wang, Jingdong and Su, Chi and Wang, Shengjin and Tian, Qi},
  booktitle={European Conference on Computer Vision},
  pages={868--884},
  year={2016},
  organization={Springer}
}

@article{zhou2017brief,
  title={A brief introduction to weakly supervised learning},
  author={Zhou, Zhi-Hua},
  journal={National Science Review},
  volume={5},
  number={1},
  pages={44--53},
  year={2017},
  publisher={Oxford University Press}
}